
<record>
  <controlfield tag="001">380490</controlfield>
  <datafield tag="035" ind1=" " ind2=" ">
    <subfield code="z">D94-13270</subfield>
    <subfield code="9">DESY</subfield>
  </datafield>
  <datafield tag="035" ind1=" " ind2=" ">
    <subfield code="a">Derrick:1994jw</subfield>
    <subfield code="9">SPIRESTeX</subfield>
  </datafield>
  <datafield tag="710" ind1=" " ind2=" ">
    <subfield code="g">ZEUS</subfield>
  </datafield>
  <datafield tag="245" ind1=" " ind2=" ">
    <subfield code="a">Two jet production in deep inelastic scattering neutral current events at HERA and search for a resolved photon contribution</subfield>
  </datafield>
</record>