
<record>
  <controlfield tag="001">380488</controlfield>
  <datafield tag="035" ind1=" " ind2=" ">
    <subfield code="z">D94-13268</subfield>
    <subfield code="9">DESY</subfield>
  </datafield>
  <datafield tag="035" ind1=" " ind2=" ">
    <subfield code="a">Derrick:1994ju</subfield>
    <subfield code="9">SPIRESTeX</subfield>
  </datafield>
  <datafield tag="710" ind1=" " ind2=" ">
    <subfield code="g">ZEUS</subfield>
  </datafield>
  <datafield tag="245" ind1=" " ind2=" ">
    <subfield code="a">Measurement of two jet cross-sections in photoproduction at HERA</subfield>
  </datafield>
</record>