
<record>
  <controlfield tag="001">380487</controlfield>
  <datafield tag="035" ind1=" " ind2=" ">
    <subfield code="z">D94-13264</subfield>
    <subfield code="9">DESY</subfield>
  </datafield>
  <datafield tag="035" ind1=" " ind2=" ">
    <subfield code="a">Derrick:1994jr</subfield>
    <subfield code="9">SPIRESTeX</subfield>
  </datafield>
  <datafield tag="710" ind1=" " ind2=" ">
    <subfield code="g">ZEUS</subfield>
  </datafield>
  <datafield tag="245" ind1=" " ind2=" ">
    <subfield code="a">Measurement of the elastic rho0 photoproduction cross-section at HERA</subfield>
  </datafield>
</record>