
<record>
  <controlfield tag="001">380486</controlfield>
  <datafield tag="035" ind1=" " ind2=" ">
    <subfield code="z">D94-13262</subfield>
    <subfield code="9">DESY</subfield>
  </datafield>
  <datafield tag="035" ind1=" " ind2=" ">
    <subfield code="a">Derrick:1994jp</subfield>
    <subfield code="9">SPIRESTeX</subfield>
  </datafield>
  <datafield tag="710" ind1=" " ind2=" ">
    <subfield code="g">ZEUS</subfield>
  </datafield>
  <datafield tag="245" ind1=" " ind2=" ">
    <subfield code="a">Observation of photoproduction of Phi mesons at HERA</subfield>
  </datafield>
</record>