
<record>
  <controlfield tag="001">380485</controlfield>
  <datafield tag="035" ind1=" " ind2=" ">
    <subfield code="z">D94-13261</subfield>
    <subfield code="9">DESY</subfield>
  </datafield>
  <datafield tag="035" ind1=" " ind2=" ">
    <subfield code="a">Derrick:1994jn</subfield>
    <subfield code="9">SPIRESTeX</subfield>
  </datafield>
  <datafield tag="710" ind1=" " ind2=" ">
    <subfield code="g">ZEUS</subfield>
  </datafield>
  <datafield tag="245" ind1=" " ind2=" ">
    <subfield code="a">Initial study of leading neutrons in e p collisions at HERA</subfield>
  </datafield>
</record>