
<record>
  <controlfield tag="001">380481</controlfield>
  <datafield tag="035" ind1=" " ind2=" ">
    <subfield code="z">D94-13255</subfield>
    <subfield code="9">DESY</subfield>
  </datafield>
  <datafield tag="035" ind1=" " ind2=" ">
    <subfield code="a">Derrick:1994ji</subfield>
    <subfield code="9">SPIRESTeX</subfield>
  </datafield>
  <datafield tag="245" ind1=" " ind2=" ">
    <subfield code="a">Observation of vector meson production in electron proton DIS at HERA</subfield>
  </datafield>
  <datafield tag="710" ind1=" " ind2=" ">
    <subfield code="g">ZEUS</subfield>
  </datafield>
</record>