
<record>
  <controlfield tag="001">385728</controlfield>
  <datafield tag="035" ind1=" " ind2=" ">
    <subfield code="z">D94-13254</subfield>
    <subfield code="9">DESY</subfield>
  </datafield>
  <datafield tag="035" ind1=" " ind2=" ">
    <subfield code="a">Derrick:1994gw</subfield>
    <subfield code="9">SPIRESTeX</subfield>
  </datafield>
  <datafield tag="710" ind1=" " ind2=" ">
    <subfield code="g">ZEUS</subfield>
  </datafield>
  <datafield tag="245" ind1=" " ind2=" ">
    <subfield code="a">Search for leptoquarks in e p collisions at s**(1/2) = 296-GeV</subfield>
  </datafield>
</record>

</collection>